
    <marc:record>
        <marc:leader>03268cpcaa2200517Ii 4500</marc:leader>
        <marc:controlfield tag="001">000861249</marc:controlfield>
        <marc:controlfield tag="005">20200420142221.0</marc:controlfield>
        <marc:controlfield tag="008">890601i18431886gau                 eng d</marc:controlfield>
        <marc:datafield tag="035" ind1=" " ind2=" ">
            <marc:subfield code="a">19794072</marc:subfield>
        </marc:datafield>
        <marc:datafield tag="040" ind1=" " ind2=" ">
            <marc:subfield code="a">NDD</marc:subfield>
            <marc:subfield code="b">eng</marc:subfield>
            <marc:subfield code="e">rda</marc:subfield>
            <marc:subfield code="e">dacs</marc:subfield>
            <marc:subfield code="c">NDD</marc:subfield>
            <marc:subfield code="d">OCLCQ</marc:subfield>
            <marc:subfield code="d">OCLCG</marc:subfield>
            <marc:subfield code="d">OCLCQ</marc:subfield>
            <marc:subfield code="d">OCLCO</marc:subfield>
            <marc:subfield code="d">OCLCA</marc:subfield>
            <marc:subfield code="d">OCLCF</marc:subfield>
            <marc:subfield code="d">OCLCA</marc:subfield>
            <marc:subfield code="d">NDD</marc:subfield>
        </marc:datafield>
        <marc:datafield tag="041" ind1=" " ind2=" ">
            <marc:subfield code="a">eng</marc:subfield>
        </marc:datafield>
        <marc:datafield tag="043" ind1=" " ind2=" ">
            <marc:subfield code="a">n-us-al</marc:subfield>
            <marc:subfield code="a">n-us---</marc:subfield>
            <marc:subfield code="a">n-us-ri</marc:subfield>
        </marc:datafield>
        <marc:datafield tag="049" ind1=" " ind2=" ">
            <marc:subfield code="a">NDDP</marc:subfield>
        </marc:datafield>
        <marc:datafield tag="100" ind1="1" ind2=" ">
            <marc:subfield code="a">Hilliard, Henry W.</marc:subfield>
            <marc:subfield code="q">(Henry Washington),</marc:subfield>
            <marc:subfield code="d">1808-1892,</marc:subfield>
            <marc:subfield code="0">http://id.loc.gov/authorities/names/n88674376</marc:subfield>
            <marc:subfield code="e">creator.</marc:subfield>
        </marc:datafield>
        <marc:datafield tag="245" ind1="1" ind2="0">
            <marc:subfield code="a">Henry Washington Hilliard correspondence,</marc:subfield>
            <marc:subfield code="f">1843-1886.</marc:subfield>
        </marc:datafield>
        <marc:datafield tag="264" ind1=" " ind2="0">
            <marc:subfield code="c">1843-1886.</marc:subfield>
        </marc:datafield>
        <marc:datafield tag="300" ind1=" " ind2=" ">
            <marc:subfield code="a">5 items</marc:subfield>
        </marc:datafield>
        <marc:datafield tag="336" ind1=" " ind2=" ">
            <marc:subfield code="a">text</marc:subfield>
            <marc:subfield code="b">txt</marc:subfield>
            <marc:subfield code="2">rdacontent</marc:subfield>
        </marc:datafield>
        <marc:datafield tag="337" ind1=" " ind2=" ">
            <marc:subfield code="a">unmediated</marc:subfield>
            <marc:subfield code="b">n</marc:subfield>
            <marc:subfield code="2">rdamedia</marc:subfield>
        </marc:datafield>
        <marc:datafield tag="338" ind1=" " ind2=" ">
            <marc:subfield code="a">sheet</marc:subfield>
            <marc:subfield code="b">nb</marc:subfield>
            <marc:subfield code="2">rdacarrier</marc:subfield>
        </marc:datafield>
        <marc:datafield tag="545" ind1=" " ind2=" ">
            <marc:subfield code="a">Henry W. Hilliard was a U.S. representative from Alabama; Confederate general, and attorney.</marc:subfield>
        </marc:datafield>
        <marc:datafield tag="520" ind1="8" ind2=" ">
            <marc:subfield code="a">Miscellaneous correspondence of Hilliard, including a letter, 1860, to Harper and Brothers expressing optimism about Alabama's chances of remaining in the Union; a letter, 1868, to Chief Justice Salmon P. Chase referring to hearings on the proposed trial of Jefferson Davis and mentioning the visit of Kate Chase Sprague and William Sprague, former governor of Rhode Island to Augusta, Ga.; and responses to autograph collectors.</marc:subfield>
        </marc:datafield>
        <marc:datafield tag="600" ind1="1" ind2="0">
            <marc:subfield code="a">Hilliard, Henry W.</marc:subfield>
            <marc:subfield code="q">(Henry Washington),</marc:subfield>
            <marc:subfield code="d">1808-1892.</marc:subfield>
            <marc:subfield code="0">http://id.loc.gov/authorities/names/n88674376</marc:subfield>
        </marc:datafield>
        <marc:datafield tag="600" ind1="1" ind2="0">
            <marc:subfield code="a">Chase, Salmon P.</marc:subfield>
            <marc:subfield code="q">(Salmon Portland),</marc:subfield>
            <marc:subfield code="d">1808-1873.</marc:subfield>
            <marc:subfield code="0">http://id.loc.gov/authorities/names/n50036227</marc:subfield>
        </marc:datafield>
        <marc:datafield tag="600" ind1="1" ind2="0">
            <marc:subfield code="a">Davis, Jefferson,</marc:subfield>
            <marc:subfield code="d">1808-1889.</marc:subfield>
            <marc:subfield code="0">http://id.loc.gov/authorities/names/n79145410</marc:subfield>
        </marc:datafield>
        <marc:datafield tag="610" ind1="2" ind2="0">
            <marc:subfield code="a">Harper &amp; Brothers.</marc:subfield>
            <marc:subfield code="0">http://id.loc.gov/authorities/names/n50041511</marc:subfield>
        </marc:datafield>
        <marc:datafield tag="600" ind1="1" ind2="0">
            <marc:subfield code="a">Sprague, Kate Chase.</marc:subfield>
        </marc:datafield>
        <marc:datafield tag="600" ind1="1" ind2="0">
            <marc:subfield code="a">Sprague, William,</marc:subfield>
            <marc:subfield code="d">1830-1915.</marc:subfield>
            <marc:subfield code="0">http://id.loc.gov/authorities/names/nr93001791</marc:subfield>
        </marc:datafield>
        <marc:datafield tag="600" ind1="1" ind2="7">
            <marc:subfield code="a">Chase, Salmon P.</marc:subfield>
            <marc:subfield code="q">(Salmon Portland),</marc:subfield>
            <marc:subfield code="d">1808-1873.</marc:subfield>
            <marc:subfield code="2">fast</marc:subfield>
            <marc:subfield code="0">http://id.worldcat.org/fast/12310</marc:subfield>
        </marc:datafield>
        <marc:datafield tag="600" ind1="1" ind2="7">
            <marc:subfield code="a">Davis, Jefferson,</marc:subfield>
            <marc:subfield code="d">1808-1889.</marc:subfield>
            <marc:subfield code="2">fast</marc:subfield>
            <marc:subfield code="0">http://id.worldcat.org/fast/47383</marc:subfield>
        </marc:datafield>
        <marc:datafield tag="600" ind1="1" ind2="7">
            <marc:subfield code="a">Sprague, William,</marc:subfield>
            <marc:subfield code="d">1830-1915.</marc:subfield>
            <marc:subfield code="2">fast</marc:subfield>
            <marc:subfield code="0">http://id.worldcat.org/fast/315549</marc:subfield>
        </marc:datafield>
        <marc:datafield tag="610" ind1="2" ind2="7">
            <marc:subfield code="a">Harper &amp; Brothers.</marc:subfield>
            <marc:subfield code="2">fast</marc:subfield>
            <marc:subfield code="0">http://id.worldcat.org/fast/512133</marc:subfield>
        </marc:datafield>
        <marc:datafield tag="651" ind1=" " ind2="0">
            <marc:subfield code="a">Alabama</marc:subfield>
            <marc:subfield code="x">Politics and government</marc:subfield>
            <marc:subfield code="y">To 1865.</marc:subfield>
            <marc:subfield code="0">http://id.loc.gov/authorities/subjects/sh85003097</marc:subfield>
        </marc:datafield>
        <marc:datafield tag="650" ind1=" " ind2="0">
            <marc:subfield code="a">Autographs</marc:subfield>
            <marc:subfield code="x">Collectors and collecting</marc:subfield>
            <marc:subfield code="0">http://id.loc.gov/authorities/subjects/sh85010070</marc:subfield>
            <marc:subfield code="z">United States.</marc:subfield>
            <marc:subfield code="0">http://id.loc.gov/authorities/names/n78095330</marc:subfield>
        </marc:datafield>
        <marc:datafield tag="650" ind1=" " ind2="0">
            <marc:subfield code="a">Governors</marc:subfield>
            <marc:subfield code="0">http://id.loc.gov/authorities/subjects/sh85056115</marc:subfield>
            <marc:subfield code="z">Rhode Island.</marc:subfield>
            <marc:subfield code="0">http://id.loc.gov/authorities/names/n79022912</marc:subfield>
        </marc:datafield>
        <marc:datafield tag="650" ind1=" " ind2="0">
            <marc:subfield code="a">Secession.</marc:subfield>
            <marc:subfield code="0">http://id.loc.gov/authorities/subjects/sh85119406</marc:subfield>
        </marc:datafield>
        <marc:datafield tag="650" ind1=" " ind2="7">
            <marc:subfield code="a">Autographs</marc:subfield>
            <marc:subfield code="x">Collectors and collecting.</marc:subfield>
            <marc:subfield code="2">fast</marc:subfield>
            <marc:subfield code="0">http://id.worldcat.org/fast/822655</marc:subfield>
        </marc:datafield>
        <marc:datafield tag="650" ind1=" " ind2="7">
            <marc:subfield code="a">Governors.</marc:subfield>
            <marc:subfield code="2">fast</marc:subfield>
            <marc:subfield code="0">http://id.worldcat.org/fast/945704</marc:subfield>
        </marc:datafield>
        <marc:datafield tag="650" ind1=" " ind2="7">
            <marc:subfield code="a">Politics and government.</marc:subfield>
            <marc:subfield code="2">fast</marc:subfield>
            <marc:subfield code="0">http://id.worldcat.org/fast/1919741</marc:subfield>
        </marc:datafield>
        <marc:datafield tag="650" ind1=" " ind2="7">
            <marc:subfield code="a">Secession.</marc:subfield>
            <marc:subfield code="2">fast</marc:subfield>
            <marc:subfield code="0">http://id.worldcat.org/fast/1110536</marc:subfield>
        </marc:datafield>
        <marc:datafield tag="651" ind1=" " ind2="7">
            <marc:subfield code="a">Alabama.</marc:subfield>
            <marc:subfield code="2">fast</marc:subfield>
            <marc:subfield code="0">http://id.worldcat.org/fast/1204694</marc:subfield>
        </marc:datafield>
        <marc:datafield tag="651" ind1=" " ind2="7">
            <marc:subfield code="a">Rhode Island.</marc:subfield>
            <marc:subfield code="2">fast</marc:subfield>
            <marc:subfield code="0">http://id.worldcat.org/fast/1204599</marc:subfield>
        </marc:datafield>
        <marc:datafield tag="651" ind1=" " ind2="7">
            <marc:subfield code="a">United States.</marc:subfield>
            <marc:subfield code="2">fast</marc:subfield>
            <marc:subfield code="0">http://id.worldcat.org/fast/1204155</marc:subfield>
        </marc:datafield>
        <marc:datafield tag="648" ind1=" " ind2="7">
            <marc:subfield code="a">To 1865</marc:subfield>
            <marc:subfield code="2">fast</marc:subfield>
        </marc:datafield>
        <marc:datafield tag="752" ind1=" " ind2=" ">
            <marc:subfield code="b">Georgia</marc:subfield>
            <marc:subfield code="d">Atlanta.</marc:subfield>
        </marc:datafield>
        <marc:datafield tag="905" ind1=" " ind2=" ">
            <marc:subfield code="a">MARCIVE 20200818</marc:subfield>
        </marc:datafield>
    </marc:record>