
    <marc:record>
        <marc:leader>01671cpcaa2200301Ii 4500</marc:leader>
        <marc:controlfield tag="001">002567323</marc:controlfield>
        <marc:controlfield tag="005">20200420162504.0</marc:controlfield>
        <marc:controlfield tag="008">990415s1869    mau                 eng d</marc:controlfield>
        <marc:datafield tag="035" ind1=" " ind2=" ">
            <marc:subfield code="a">41174892</marc:subfield>
        </marc:datafield>
        <marc:datafield tag="040" ind1=" " ind2=" ">
            <marc:subfield code="a">NDD</marc:subfield>
            <marc:subfield code="b">eng</marc:subfield>
            <marc:subfield code="e">rda</marc:subfield>
            <marc:subfield code="e">dacs</marc:subfield>
            <marc:subfield code="c">NDD</marc:subfield>
            <marc:subfield code="d">OCLCG</marc:subfield>
            <marc:subfield code="d">OCLCF</marc:subfield>
            <marc:subfield code="d">NDD</marc:subfield>
        </marc:datafield>
        <marc:datafield tag="041" ind1=" " ind2=" ">
            <marc:subfield code="a">eng</marc:subfield>
        </marc:datafield>
        <marc:datafield tag="049" ind1=" " ind2=" ">
            <marc:subfield code="a">NDDP</marc:subfield>
        </marc:datafield>
        <marc:datafield tag="100" ind1="1" ind2=" ">
            <marc:subfield code="a">Hoar, E. R.</marc:subfield>
            <marc:subfield code="q">(Ebenezer Rockwood),</marc:subfield>
            <marc:subfield code="d">1816-1895,</marc:subfield>
            <marc:subfield code="0">http://id.loc.gov/authorities/names/n85221134</marc:subfield>
            <marc:subfield code="e">addressee.</marc:subfield>
        </marc:datafield>
        <marc:datafield tag="245" ind1="1" ind2="0">
            <marc:subfield code="a">E. R. Hoar letter,</marc:subfield>
            <marc:subfield code="f">1869.</marc:subfield>
        </marc:datafield>
        <marc:datafield tag="264" ind1=" " ind2="0">
            <marc:subfield code="c">1869.</marc:subfield>
        </marc:datafield>
        <marc:datafield tag="300" ind1=" " ind2=" ">
            <marc:subfield code="a">1 item</marc:subfield>
        </marc:datafield>
        <marc:datafield tag="336" ind1=" " ind2=" ">
            <marc:subfield code="a">text</marc:subfield>
            <marc:subfield code="b">txt</marc:subfield>
            <marc:subfield code="2">rdacontent</marc:subfield>
        </marc:datafield>
        <marc:datafield tag="337" ind1=" " ind2=" ">
            <marc:subfield code="a">unmediated</marc:subfield>
            <marc:subfield code="b">n</marc:subfield>
            <marc:subfield code="2">rdamedia</marc:subfield>
        </marc:datafield>
        <marc:datafield tag="338" ind1=" " ind2=" ">
            <marc:subfield code="a">sheet</marc:subfield>
            <marc:subfield code="b">nb</marc:subfield>
            <marc:subfield code="2">rdacarrier</marc:subfield>
        </marc:datafield>
        <marc:datafield tag="500" ind1=" " ind2=" ">
            <marc:subfield code="a">Cataloged from Guide.</marc:subfield>
        </marc:datafield>
        <marc:datafield tag="545" ind1=" " ind2=" ">
            <marc:subfield code="a">Ebenezer R. Hoar ) was an American politician, lawyer, and justice from Massachusetts. He was appointed U.S. Attorney General in 1869 by President Ulysses S. Grant; he became the first U.S. Attorney General to head the newly created Department of Justice in July 1870.</marc:subfield>
        </marc:datafield>
        <marc:datafield tag="520" ind1="8" ind2=" ">
            <marc:subfield code="a">Letter to Hoar from Secretary of the Tresury George Sewall Boutwell, concerning laws designed to prevent the spread of disease from foreign countries among cattle in the United States.</marc:subfield>
        </marc:datafield>
        <marc:datafield tag="600" ind1="1" ind2="0">
            <marc:subfield code="a">Hoar, E. R.</marc:subfield>
            <marc:subfield code="q">(Ebenezer Rockwood),</marc:subfield>
            <marc:subfield code="d">1816-1895.</marc:subfield>
            <marc:subfield code="0">http://id.loc.gov/authorities/names/n85221134</marc:subfield>
        </marc:datafield>
        <marc:datafield tag="600" ind1="1" ind2="7">
            <marc:subfield code="a">Hoar, E. R.</marc:subfield>
            <marc:subfield code="q">(Ebenezer Rockwood),</marc:subfield>
            <marc:subfield code="d">1816-1895.</marc:subfield>
            <marc:subfield code="2">fast</marc:subfield>
            <marc:subfield code="0">http://id.worldcat.org/fast/174896</marc:subfield>
        </marc:datafield>
        <marc:datafield tag="600" ind1="1" ind2="0">
            <marc:subfield code="a">Boutwell, George S.</marc:subfield>
            <marc:subfield code="q">(George Sewall),</marc:subfield>
            <marc:subfield code="d">1818-1905.</marc:subfield>
            <marc:subfield code="0">http://id.loc.gov/authorities/names/n85329279</marc:subfield>
        </marc:datafield>
        <marc:datafield tag="650" ind1=" " ind2="0">
            <marc:subfield code="a">Cattle</marc:subfield>
            <marc:subfield code="x">Diseases.</marc:subfield>
            <marc:subfield code="0">http://id.loc.gov/authorities/subjects/sh85021307</marc:subfield>
        </marc:datafield>
        <marc:datafield tag="700" ind1="1" ind2=" ">
            <marc:subfield code="a">Boutwell, George S.</marc:subfield>
            <marc:subfield code="q">(George Sewall),</marc:subfield>
            <marc:subfield code="d">1818-1905,</marc:subfield>
            <marc:subfield code="0">http://id.loc.gov/authorities/names/n85329279</marc:subfield>
            <marc:subfield code="e">creator.</marc:subfield>
        </marc:datafield>
        <marc:datafield tag="905" ind1=" " ind2=" ">
            <marc:subfield code="a">MARCIVE 20200818</marc:subfield>
        </marc:datafield>
    </marc:record>